@article{Baker2011,
    author = {Baker, Ryan and Isotani, Seiji and Carvalho, Adriana},
    title = {{Minera{\c{c}}{\~{a}}o de Dados Educacionais: Oportunidades para o Brasil}},
    doi = {10.5753/rbie.2011.19.02.03},
    issn = {1414-5685},
    journal = {Revista Brasileira de Inform{\'{a}}tica na Educa{\c{c}}{\~{a}}o},
    mendeley-groups = {minera{\c{c}}{\~{a}}o {\&} data-driven},
    number = {02},
    volume = {19},
    year = {2011},
    day={00},
    month={00},
    pages={00},
    publisher={SBC},
    addendum = "[\href{https://scholar.google.com.br/scholar?q='Mineracao+de+Dados+Educacionais:+Oportunidades+para+o+Brasil'&btnG=Search}{GS Search}]"
}

@inproceedings{Seffrin2013,
    address = {Campinas},
    author = {Seffrin, H. and Rubi, Geiseane L. and Jaques, Patricia Augustin},
    booktitle = {Simp{\'{o}}sio Brasileiro de Inform{\'{a}}tica na Educa{\c{c}}{\~{a}}o},
    doi = {10.5753/cbie.sbie.2013.597},
    editor = {Baranauskas, Maria Cec{\'{i}}lia Calani and Bonacin, Rodrigo and Borges, Marcos Augusto Francisco and da Silva, Celmar Guimar{\~{a}}es},
    pages = {597--606},
    publisher = {SBC},
    title = {{Uma Rede Bayesiana aplicada {\`{a}} Modelagem do Conhecimento Alg{\'{e}}brico do Aprendiz}},
    year = {2013},
    addendum = "[\href{https://scholar.google.com.br/scholar?q='Uma Rede Bayesiana aplicada à Modelagem do Conhecimento Algébrico do Aprendiz'&btnG=Search}{GS Search}]"
}

@article{Brasil2008,
    author = {Brasil},
    title = {{Parâmetros curiculares nacionais - Terceiro e quarto ciclos do ensino fundamental - Matemática}},
    journal = {Ministério da Educação e do Desporto. Secretaria de Educação Fundamental},
    address = {Brasília/DF},
    year = {2008},
    addendum = "[\href{https://scholar.google.com.br/scholar?q='Parâmetros curiculares nacionais - Terceiro e quarto ciclos do ensino fundamental - Matemática'&btnG=Search}{GS Search}]"
}

@article{Kautzman2015,
    author = {Kautzmann, T.R.},
    title = {Um Modelo de Agente Pedagógico para o Treinamento Adaptativo da Habilidade Metacognitiva de Monitoramento do Conhecimento em Sistemas Tutores Inteligentes},
    journal = {Universidade do Vale do Rio dos Sinos, Programa de Pós-Graduação em Computação Aplicada},
    year = {2015},
    address = {São Leopoldo/RS},
    addendum = "[\href{https://scholar.google.com.br/scholar?q='Um Modelo de Agente Pedagógico para o Treinamento Adaptativo da Habilidade Metacognitiva de Monitoramento do Conhecimento em Sistemas Tutores Inteligentes'&btnG=Search}{GS Search}]"
} 

@incollection{Sweller1991,
    author = {Chandler, Paul and Sweller, John},
    booktitle = {Cognition and Instruction},
    editor = {Associates, Lawrence Erlbaum},
    keywords = {cognitive learning load},
    pages = {292-332},
    publisher = {Taylor and Francis},
    title = {Cognitive Load Theory and the Format of Instruction},
    year = 1991,
    addendum = "[\href{https://scholar.google.com.br/scholar?q='Cognitive Load Theory and the Format of Instruction'&btnG=Search}{GS Search}]"
}

@book{Clark2006,
    author = {Clark, Colvin Ruth and Nguyen, Frank and Sweller, John},
    title = {Efficiency in learning - evidence-based guidelines to manage cognitive load},
    year = {2005},
    publisher = {Wiley},
    address = {San Francisco, CA, USA},
    addendum = "[\href{https://scholar.google.com.br/scholar?q='Efficiency in learning - evidence-based guidelines to manage cognitive load'&btnG=Search}{GS Search}]"
} 

@phdthesis{Mason2012,
    author       = {Mason, R.}, 
    title        = {{Designing introductory programming courses: the role of cognitive load}},
    school       = {Southern Cross University},
    year         = 2012,
    address      = {Lismore, AU},
    month        = 7,
    addendum = "[\href{https://scholar.google.com.br/scholar?q='Designing introductory programming courses: the role of cognitive load'&btnG=Search}{GS Search}]"
}
 

@misc{corporation, 
    title={Company brochure: Available online}, 
    url={https://www.corporationxyz.brochure/pdf}, 
    journal={Corporation X, Y, Z}, 
    year={2023},
    author={Corporation}
}

@book{Jones2011,
    author = {Jones, A. B. and Brook, C. D.},
    title = {Efficiency in learning - evidence-based guidelines to manage cognitive load},
    year = {2005},
    publisher = {Wiley},
    address = {San Francisco, CA, USA},
    NOTE = "\href{https://scholar.google.com.br/scholar?q='Efficiency in learning - evidence-based guidelines to manage cognitive load'&btnG=Search}{GS Search}",
}